@article{CloudNet2019,
    author = {S. Mohajerani and P. Saeedi},
    title = {Cloud-Net: An End-To-End Cloud Detection Algorithm for Landsat 8 Imagery},
    journal = {IEEE Int. Geos. and Rem.
Sens. Symp. (IGARSS)},
    year = {2019} 
}

@article{CloudDet2018,
    author = {S. Mohajerani, T. A. Krammer, P. Saeedi},
    title = {A Cloud Detection Algorithm for Remote Sensing Images Using Fully Convolutional Neural Networks},
    journal = {IEEE International Workshop on Multimedia Signal Processing},
    year = {2018}
}